@article{Bertone_2005,
   title={Particle dark matter: evidence, candidates and constraints},
   volume={405},
   ISSN={0370-1573},
   url={http://dx.doi.org/10.1016/j.physrep.2004.08.031},
   DOI={10.1016/j.physrep.2004.08.031},
   number={5-6},
   journal={Physics Reports},
   publisher={Elsevier BV},
   author={Bertone, Gianfranco and Hooper, Dan and Silk, Joseph},
   year={2005},
   month={Jan},
   pages={279–390}
}

@article{PhysRevD.28.1243,
  title = {Coherent scalar-field oscillations in an expanding universe},
  author = {Turner, Michael S.},
  journal = {Phys. Rev. D},
  volume = {28},
  issue = {6},
  pages = {1243--1247},
  numpages = {0},
  year = {1983},
  month = {Sep},
  publisher = {American Physical Society},
  doi = {10.1103/PhysRevD.28.1243},
  url = {https://link.aps.org/doi/10.1103/PhysRevD.28.1243}
}

@article{Kling_2008,
   title={Study of Errors in Strong Gravitational Lensing},
   volume={675},
   ISSN={1538-4357},
   url={http://dx.doi.org/10.1086/527368},
   DOI={10.1086/527368},
   number={1},
   journal={The Astrophysical Journal},
   publisher={American Astronomical Society},
   author={Kling, Thomas P. and Frittelli, Simonetta},
   year={2008},
   month={Mar},
   pages={115–125}
}

@article{Park_2003,
   title={Gravitational Lensing by Burkert Halos},
   volume={589},
   ISSN={1538-4357},
   url={http://dx.doi.org/10.1086/375851},
   DOI={10.1086/375851},
   number={2},
   journal={The Astrophysical Journal},
   publisher={American Astronomical Society},
   author={Park, Yousin and Ferguson, Henry C.},
   year={2003},
   month={Apr},
   pages={L65–L68}
}
@article{Burkert_1995,
   title={The Structure of Dark Matter Halos in Dwarf Galaxies},
   volume={447},
   ISSN={0004-637X},
   url={http://dx.doi.org/10.1086/309560},
   DOI={10.1086/309560},
   number={1},
   journal={The Astrophysical Journal},
   publisher={American Astronomical Society},
   author={Burkert, A.},
   year={1995},
   month={Jul}
}